















@misc{görüntüişleme,
  howpublished = {\url{https://www.codecuit.com/goruntu-isleme-ve-python/}},
}
@misc{rgb,
  howpublished = {\url{http://ibrahimdelibasoglu.blogspot.com/2016/11/hsv-renk-uzay.html/}},
}
@misc{hsv,
  howpublished = {\url{http://ibrahimdelibasoglu.blogspot.com/2016/11/hsv-renk-uzay.html/}},
}
@misc{filtreleme,
  howpublished = {\url{https://yavuzbugra.wordpress.com/2011/05/01/goruntu-islemede-filtreleme/}},
}
@misc{excel,
  howpublished = {\url{https://emirt.com/python-pandas-kutuphanesi-veri-import-export-islemleri/}},
}
@misc{plakatanımlama,
  howpublished = {\url{https://github.com/anlgungordu/PlakaTanimlama/}},
}
@misc{platereg,
  howpublished = {\url{https://github.com/NisanurBulut/LicensePlateRecognitionSystem/}},
}
@misc{skeletonization,
  howpublished = {\url{https://medium.com/analytics-vidhya/skeletonization-in-python-using-opencv-b7fa16867331/}},
}
@misc{imagep,
  howpublished = {\url{https://datacarpentry.org/image-processing/}},
}
@misc{image_proc,
  howpublished = {\url{https://github.com/BhanuPrakashNani/Image_Processing/}}
}

@misc{SQLİTE,
  howpublished = {\url{https://www.tutorialspoint.com/sqlite/sqlite_python.htm}}
}
@misc{pythonsqlbaglantisi,
  howpublished = {\url{https://docs.python.org/3/library/sqlite3.html}}
}
@misc{pythonforsqlite,
  howpublished = {\url{https://zetcode.com/python/sqlite/}}
}


@article{digital,title={Digital Image Processing},author={Gonzalez R. and Woods R.},year={1992}},



@article{vision,title={Applications Of Computer Vision to
Road Traffic Monitoring},author={ Christopher J. S.},year={1997}},

@article{plate,title={Number plate reading using computer vision, IEEE -
International Symposium on Industrial Electronics},author={Barroso J., Rafael A.,. Dagless E. L and BulasCruz J.},year={1997}},

@article{segmentation,title={Experiments in image segmentation for automatic US license plate recognition},author={B.D. Acosta},year={2004}},

@article{detection,title={ Morphology-based
License Plate Detection from Complex Scenes, },author={Gonzalez R. and Woods R.},year={2002}},

@article{shape,title={Shape Analysis and Classification},author={Luciano da Fontoura Costa and Roberto Marcondes
Cesar Jr.},year={1992}},

@article{evaluating,title={Evaluating the Improvements in Traffic
Operations at a Real-life Toll Plaza with Electronic Toll
Collection”},author={Mohamed},year={1995}},

@article{artifical,title={A Feedforward Artificial Neural
Network for System Identification of a Chemical
Process,},author={Bulsari and Saxen},year={1991}},

@article{yapaysinir,title={Metodunun Bir Robot
Sensörün Yapay Sinir Ağı Modellenmesinde
Kullanılması},author={Sagiroglu S, Levenberg-Marquardt},year={1996}},

@article{complex,title={Vehicle License Plate Recognition In Complex Scenes},author={Zhuang Liu , Yuanping Zhu},year={2020}},

@article{video_proc,title={License Plate Recognition From Still Images and Video Sequences: A Survey},author={Christos-Nikolaos E. Anagnostopoulos, Ioannis E. Anagnostopoulo, Ioannis D. Psoroulas},year={2008}},

@article{verification,title={License plate verification method for automatic license plate recognition systems},author={ B. Y. Amirgaliyev, C. A. Kenshimov, K. K. Kuatov, M. Z. Kairanbay ,Z. Y. Baibatyr},year={2020}},






